
@misc{canada2012,
  type = {Research},
  title = {Cancer in {{Children}} in {{Canada}} (0-14 Years)},
  author = {of Canada, Public Health Agency},
  year = {2012},
  month = jul,
  howpublished = {https://www.canada.ca/en/public-health/services/chronic-diseases/cancer/cancer-children-canada-0-14-years.html},
  language = {eng},
  annotation = {Last Modified: 2012-07-09},
  file = {C\:\\Users\\thisi\\Zotero\\storage\\QPNP98SW\\cancer-children-canada-0-14-years.html}
}

@incollection{chang2018,
  title = {An {{Overview}} of {{Genome}}-{{Wide Association Studies}}},
  booktitle = {Computational {{Systems Biology}}: {{Methods}} and {{Protocols}}},
  author = {Chang, Michelle and He, Lin and Cai, Lei},
  editor = {Huang, Tao},
  year = {2018},
  series = {Methods in {{Molecular Biology}}},
  pages = {97--108},
  publisher = {{Springer}},
  address = {{New York, NY}},
  doi = {10.1007/978-1-4939-7717-8_6},
  isbn = {978-1-4939-7717-8},
  language = {en},
  keywords = {Case-control,Common disease common variant hypothesis,Genome-wide association studies,Genotyping,Linkage disequilibrium,SNPs,Two-stage analysis},
  file = {C\:\\Users\\thisi\\Zotero\\storage\\5AEM59I6\\Chang et al. - 2018 - An Overview of Genome-Wide Association Studies.pdf}
}

@article{chemaitilly2017,
  title = {Premature {{Ovarian Insufficiency}} in {{Childhood Cancer Survivors}}: {{A Report From}} the {{St}}. {{Jude Lifetime Cohort}}},
  shorttitle = {Premature {{Ovarian Insufficiency}} in {{Childhood Cancer Survivors}}},
  author = {Chemaitilly, Wassim and Li, Zhenghong and Krasin, Matthew J. and Brooke, Russell J. and Wilson, Carmen L. and Green, Daniel M. and Klosky, James L. and Barnes, Nicole and Clark, Karen L. and Farr, Jonathan B. and {Fernandez-Pineda}, Israel and Bishop, Michael W. and Metzger, Monika and Pui, Ching-Hon and Kaste, Sue C. and Ness, Kirsten K. and Srivastava, Deo Kumar and Robison, Leslie L. and Hudson, Melissa M. and Yasui, Yutaka and Sklar, Charles A.},
  year = {2017},
  month = jul,
  journal = {The Journal of Clinical Endocrinology \& Metabolism},
  volume = {102},
  number = {7},
  pages = {2242--2250},
  issn = {0021-972X},
  doi = {10.1210/jc.2016-3723},
  file = {C\:\\Users\\thisi\\Zotero\\storage\\G9B9VE89\\Chemaitilly et al. - 2017 - Premature Ovarian Insufficiency in Childhood Cance.pdf;C\:\\Users\\thisi\\Zotero\\storage\\5I59JT5W\\3084590.html}
}

@article{christin-maitreGenomewideAssociationStudy2010b,
  title = {Genome-Wide Association Study and Premature Ovarian Failure},
  author = {{Christin-Maitre}, S. and Tachdjian, G.},
  year = {2010},
  month = may,
  journal = {Annales D'endocrinologie},
  volume = {71},
  number = {3},
  pages = {218--221},
  issn = {2213-3941},
  doi = {10.1016/j.ando.2010.02.014},
  language = {eng},
  pmid = {20362963},
  keywords = {Adult,Bone Morphogenetic Protein 15,Chromosome Mapping,Female,Forkhead Box Protein L2,Forkhead Transcription Factors,Genome-Wide Association Study,Growth Differentiation Factor 9,Humans,Mutation,Polymorphism; Single Nucleotide,Primary Ovarian Insufficiency,Receptors; FSH,Reference Values}
}

@article{councilChildhoodCancerSurvivorship2003,
  title = {Childhood Cancer Survivorship: Improving Care and Quality of Life},
  shorttitle = {Childhood Cancer Survivorship},
  author = {Council, National Research},
  year = {2003},
  publisher = {{National Academies Press}},
  file = {C\:\\Users\\thisi\\Zotero\\storage\\2U4QDDEU\\Council - 2003 - Childhood cancer survivorship improving care and .pdf;C\:\\Users\\thisi\\Zotero\\storage\\ZP3E49M3\\books.html}
}

@article{gelsonReproductiveHealthFemale2016,
  title = {Reproductive Health in Female Survivors of Childhood Cancer},
  author = {Gelson, Emily and Prakash, Alka and Macdougall, Jane and Williams, Denise},
  year = {2016},
  journal = {The Obstetrician \& Gynaecologist},
  volume = {18},
  number = {4},
  pages = {315--322},
  issn = {1744-4667},
  doi = {10.1111/tog.12338},
  copyright = {\textcopyright{} 2016 Royal College of Obstetricians and Gynaecologists},
  language = {en},
  keywords = {childhood cancer,fertiliy preservation,reproductive outcomes},
  annotation = {\_eprint: https://obgyn.onlinelibrary.wiley.com/doi/pdf/10.1111/tog.12338},
  file = {C\:\\Users\\thisi\\Zotero\\storage\\D4EX77QR\\tog.html}
}

@misc{KeyStatisticsChildhood,
  title = {Key {{Statistics}} for {{Childhood Cancers}}},
  howpublished = {https://www.cancer.org/cancer/cancer-in-children/key-statistics.html},
  language = {en},
  file = {C\:\\Users\\thisi\\Zotero\\storage\\25NFYK2Q\\key-statistics.html}
}

@article{kingsmoreGenomewideAssociationStudies2008,
  title = {Genome-Wide Association Studies: Progress and Potential for Drug Discovery and Development},
  shorttitle = {Genome-Wide Association Studies},
  author = {Kingsmore, Stephen F. and Lindquist, Ingrid E. and Mudge, Joann and Gessler, Damian D. and Beavis, William D.},
  year = {2008},
  month = mar,
  journal = {Nature Reviews Drug Discovery},
  volume = {7},
  number = {3},
  pages = {221--230},
  publisher = {{Nature Publishing Group}},
  issn = {1474-1784},
  doi = {10.1038/nrd2519},
  copyright = {2008 Nature Publishing Group},
  language = {en},
  file = {C\:\\Users\\thisi\\Zotero\\storage\\8PA445WE\\Kingsmore et al. - 2008 - Genome-wide association studies progress and pote.pdf;C\:\\Users\\thisi\\Zotero\\storage\\862WHGPG\\nrd2519.html}
}

@article{lewisPolygenicRiskScores2020,
  title = {Polygenic Risk Scores: From Research Tools to Clinical Instruments},
  shorttitle = {Polygenic Risk Scores},
  author = {Lewis, Cathryn M. and Vassos, Evangelos},
  year = {2020},
  month = may,
  journal = {Genome Medicine},
  volume = {12},
  number = {1},
  pages = {44},
  issn = {1756-994X},
  doi = {10.1186/s13073-020-00742-5},
  keywords = {Common disorders,Genetics,Pharmacogenetics,Polygenic risk scores,Prediction,Risk},
  file = {C\:\\Users\\thisi\\Zotero\\storage\\8ZYKKCE3\\Lewis and Vassos - 2020 - Polygenic risk scores from research tools to clin.pdf;C\:\\Users\\thisi\\Zotero\\storage\\DMH4R52L\\s13073-020-00742-5.html}
}

@article{lewisPolygenicRiskScores2020a,
  title = {Polygenic Risk Scores: From Research Tools to Clinical Instruments},
  shorttitle = {Polygenic Risk Scores},
  author = {Lewis, Cathryn M. and Vassos, Evangelos},
  year = {2020},
  month = may,
  journal = {Genome Medicine},
  volume = {12},
  number = {1},
  pages = {44},
  issn = {1756-994X},
  doi = {10.1186/s13073-020-00742-5},
  keywords = {Common disorders,Genetics,Pharmacogenetics,Polygenic risk scores,Prediction,Risk},
  file = {C\:\\Users\\thisi\\Zotero\\storage\\B72TQ7DB\\Lewis and Vassos - 2020 - Polygenic risk scores from research tools to clin.pdf}
}

@article{lundSystematicReviewStudies2011,
  title = {A {{Systematic Review}} of {{Studies}} on {{Psychosocial Late Effects}} of {{Childhood Cancer}}: {{Structures}} of {{Society}} and {{Methodological Pitfalls May Challenge}} the {{Conclusions}}},
  shorttitle = {A {{Systematic Review}} of {{Studies}} on {{Psychosocial Late Effects}} of {{Childhood Cancer}}},
  author = {Lund, Lasse and Schmiegelow, Kjeld and Rechnitzer, Catherine and Johansen, Christoffer},
  year = {2011},
  month = apr,
  journal = {Pediatric blood \& cancer},
  volume = {56},
  pages = {532--43},
  doi = {10.1002/pbc.22883}
}

@article{marwickChildhoodCancerSurvivors2003,
  title = {Childhood Cancer Survivors Experience Long Term Side Effects},
  author = {Marwick, Charles},
  year = {2003},
  month = sep,
  journal = {BMJ : British Medical Journal},
  volume = {327},
  number = {7414},
  pages = {522},
  issn = {0959-8138},
  pmcid = {PMC1150331},
  pmid = {12958103}
}

@article{perryGenomewideAssociationStudy2013b,
  title = {A Genome-Wide Association Study of Early Menopause and the Combined Impact of Identified Variants},
  author = {Perry, John R. B. and Corre, Tanguy and Esko, T{\~o}nu and Chasman, Daniel I. and Fischer, Krista and Franceschini, Nora and He, Chunyan and Kutalik, Zoltan and Mangino, Massimo and Rose, Lynda M. and Vernon Smith, Albert and Stolk, Lisette and Sulem, Patrick and Weedon, Michael N. and Zhuang, Wei V. and Arnold, Alice and Ashworth, Alan and Bergmann, Sven and Buring, Julie E. and Burri, Andrea and Chen, Constance and Cornelis, Marilyn C. and Couper, David J. and Goodarzi, Mark O. and Gudnason, Vilmundur and Harris, Tamara and Hofman, Albert and Jones, Michael and Kraft, Peter and Launer, Lenore and Laven, Joop S. E. and Li, Guo and McKnight, Barbara and Masciullo, Corrado and Milani, Lili and Orr, Nicholas and Psaty, Bruce M. and Ridker, Paul M. and Rivadeneira, Fernando and Sala, Cinzia and Salumets, Andres and Schoemaker, Minouk and Traglia, Michela and Waeber, G{\'e}rard and Chanock, Stephen J. and Demerath, Ellen W. and Garcia, Melissa and Hankinson, Susan E. and Hu, Frank B. and Hunter, David J. and Lunetta, Kathryn L. and Metspalu, Andres and Montgomery, Grant W. and Murabito, Joanne M. and Newman, Anne B. and Ong, Ken K. and Spector, Tim D. and Stefansson, Kari and Swerdlow, Anthony J. and Thorsteinsdottir, Unnur and Van Dam, Rob M. and Uitterlinden, Andr{\'e} G. and Visser, Jenny A. and Vollenweider, Peter and Toniolo, Daniela and Murray, Anna},
  year = {2013},
  month = apr,
  journal = {Human Molecular Genetics},
  volume = {22},
  number = {7},
  pages = {1465--1472},
  issn = {0964-6906},
  doi = {10.1093/hmg/dds551},
  pmcid = {PMC3596848},
  pmid = {23307926},
  file = {C\:\\Users\\thisi\\Zotero\\storage\\GJZI2DMU\\Perry et al. - 2013 - A genome-wide association study of early menopause.pdf}
}

@article{phillipsSurvivorsChildhoodCancer2015,
  title = {Survivors of {{Childhood Cancer}} in the {{United States}}: {{Prevalence}} and {{Burden}} of {{Morbidity}}},
  shorttitle = {Survivors of {{Childhood Cancer}} in the {{United States}}},
  author = {Phillips, Siobhan M. and Padgett, Lynne S. and Leisenring, Wendy M. and Stratton, Kayla K. and Bishop, Ken and Krull, Kevin R. and Alfano, Catherine M. and Gibson, Todd M. and {de Moor}, Janet S. and Hartigan, Danielle Blanch and Armstrong, Gregory T. and Robison, Leslie L. and Rowland, Julia H. and Oeffinger, Kevin C. and Mariotto, Angela B.},
  year = {2015},
  month = apr,
  journal = {Cancer epidemiology, biomarkers \& prevention : a publication of the American Association for Cancer Research, cosponsored by the American Society of Preventive Oncology},
  volume = {24},
  number = {4},
  pages = {653--663},
  issn = {1055-9965},
  doi = {10.1158/1055-9965.EPI-14-1418},
  pmcid = {PMC4418452},
  pmid = {25834148},
  file = {C\:\\Users\\thisi\\Zotero\\storage\\DSBBK7WZ\\Phillips et al. - 2015 - Survivors of Childhood Cancer in the United States.pdf}
}

@misc{PolygenicRiskScoresa,
  title = {Polygenic {{Risk Scores}}},
  journal = {Genome.gov},
  howpublished = {https://www.genome.gov/Health/Genomics-and-Medicine/Polygenic-risk-scores},
  language = {en},
  file = {C\:\\Users\\thisi\\Zotero\\storage\\B7FLYQ4N\\Polygenic-risk-scores.html}
}

@misc{PrematureMenopauseSurvivors,
  title = {Premature Menopause in Survivors of Childhood Cancer: A Report from the Childhood Cancer Survivor Study - {{PubMed}}},
  howpublished = {https://pubmed.ncbi.nlm.nih.gov/16818852/},
  file = {C\:\\Users\\thisi\\Zotero\\storage\\YGXYABN5\\16818852.html}
}

@misc{PrematureOvarianInsufficiency,
  title = {Premature Ovarian Insufficiency \textendash{} Aetiopathology, Epidemiology, and Diagnostic Evaluation},
  howpublished = {https://www.ncbi.nlm.nih.gov/pmc/articles/PMC6196779/},
  file = {C\:\\Users\\thisi\\Zotero\\storage\\NYGEGRY8\\PMC6196779.html}
}

@article{puGeneVariationPremature2014,
  title = {Gene Variation and Premature Ovarian Failure: A Meta-Analysis},
  shorttitle = {Gene Variation and Premature Ovarian Failure},
  author = {Pu, D. and Xing, Y. and Gao, Y. and Gu, L. and Wu, J.},
  year = {2014},
  month = nov,
  journal = {European Journal of Obstetrics, Gynecology, and Reproductive Biology},
  volume = {182},
  pages = {226--237},
  issn = {1872-7654},
  doi = {10.1016/j.ejogrb.2014.09.036},
  language = {eng},
  pmid = {25445105},
  keywords = {BMP15,Bone Morphogenetic Protein 15,Continental Population Groups,ESR1,Estrogen Receptor alpha,Female,FMR1,Fragile X Mental Retardation Protein,FSHR,Genetic Predisposition to Disease,Humans,INHA,Inhibins,Mutation,Polymorphism; Genetic,Premature ovarian failure,Primary Ovarian Insufficiency,Receptors; FSH}
}

@misc{ReproductiveHealthFemale,
  title = {Reproductive Health in Female Survivors of Childhood Cancer | {{Request PDF}}},
  howpublished = {https://www.researchgate.net/publication/309394165\_Reproductive\_health\_in\_female\_survivors\_of\_childhood\_cancer?\_iepl\%5BgeneralViewId\%5D=NNTVxqtjZf5H60rcMP46QduxtUoTPO3XkD4J\&\_iepl\%5Bcontexts\%5D\%5B0\%5D=searchReact\&\_iepl\%5BviewId\%5D=TzlATZbt94alLkJfixUQuA2PbzmBVqaEhphM\&\_iepl\%5BsearchType\%5D=publication\&\_iepl\%5Bdata\%5D\%5BcountLessEqual20\%5D=1\&\_iepl\%5Bdata\%5D\%5BinteractedWithPosition1\%5D=1\&\_iepl\%5Bdata\%5D\%5BwithoutEnrichment\%5D=1\&\_iepl\%5Bposition\%5D=1\&\_iepl\%5BrgKey\%5D=PB\%3A309394165\&\_iepl\%5BtargetEntityId\%5D=PB\%3A309394165\&\_iepl\%5BinteractionType\%5D=publicationTitle},
  file = {C\:\\Users\\thisi\\Zotero\\storage\\RMCVNT5D\\309394165_Reproductive_health_in_female_survivors_of_childhood_cancer.html}
}

@misc{SingleNucleotidePolymorphism,
  title = {Single Nucleotide Polymorphism / {{SNP}} | {{Learn Science}} at {{Scitable}}},
  howpublished = {http://www.nature.com/scitable/definition/single-nucleotide-polymorphism-snp-295},
  language = {en},
  annotation = {Cg\_cat: single nucleotide polymorphism / SNP},
  file = {C\:\\Users\\thisi\\Zotero\\storage\\NPCF4VBX\\snp-295.html}
}

@article{sklarPrematureMenopauseSurvivors2006a,
  title = {Premature Menopause in Survivors of Childhood Cancer: A Report from the Childhood Cancer Survivor Study},
  shorttitle = {Premature Menopause in Survivors of Childhood Cancer},
  author = {Sklar, Charles A. and Mertens, Ann C. and Mitby, Pauline and Whitton, John and Stovall, Marilyn and Kasper, Catherine and Mulder, Jean and Green, Daniel and Nicholson, H. Stacy and Yasui, Yutaka and Robison, Leslie L.},
  year = {2006},
  month = jul,
  journal = {Journal of the National Cancer Institute},
  volume = {98},
  number = {13},
  pages = {890--896},
  issn = {1460-2105},
  doi = {10.1093/jnci/djj243},
  language = {eng},
  pmid = {16818852},
  keywords = {Adult,Antineoplastic Agents,Antineoplastic Agents; Alkylating,Chemotherapy; Adjuvant,Cohort Studies,Female,Hodgkin Disease,Humans,Incidence,Menopause; Premature,Middle Aged,Multicenter Studies as Topic,Neoplasms,Odds Ratio,Ovary,Pituitary Gland,Poisson Distribution,Radiotherapy Dosage,Radiotherapy; Adjuvant,Risk Factors,Surveys and Questionnaires,Survivors}
}

@article{torkamaniPersonalClinicalUtility2018,
  title = {The Personal and Clinical Utility of Polygenic Risk Scores},
  author = {Torkamani, Ali and Wineinger, Nathan E. and Topol, Eric J.},
  year = {2018},
  month = sep,
  journal = {Nature Reviews Genetics},
  volume = {19},
  number = {9},
  pages = {581--590},
  publisher = {{Nature Publishing Group}},
  issn = {1471-0064},
  doi = {10.1038/s41576-018-0018-x},
  copyright = {2018 Macmillan Publishers Ltd., part of Springer Nature},
  language = {en},
  file = {C\:\\Users\\thisi\\Zotero\\storage\\35WTVHBY\\Torkamani et al. - 2018 - The personal and clinical utility of polygenic ris.pdf;C\:\\Users\\thisi\\Zotero\\storage\\2Z27KZ48\\s41576-018-0018-x.html}
}


