@Article{shinde2018,
  title = {Intelligent Health Risk Prediction Systems Using Machine Learning: {{A}} Review},
  shorttitle = {Intelligent Health Risk Prediction Systems Using Machine Learning},
  author = {Santosh Shinde and P.R. Rajeswari},
  date = {2018-06-23},
  journaltitle = {International Journal of Engineering and Technology(UAE)},
  shortjournal = {International Journal of Engineering and Technology(UAE)},
  volume = {7},
  pages = {1019--1023},
  doi = {10.14419/ijet.v7i3.12654},
  file = {C\:\\Users\\lyu6\\Zotero\\storage\\9XIG3P93\\Shinde and Rajeswari - 2018 - Intelligent health risk prediction systems using m.pdf},
}
@Article{shinde2018,
  title = {Intelligent Health Risk Prediction Systems Using Machine Learning: {{A}} Review},
  shorttitle = {Intelligent Health Risk Prediction Systems Using Machine Learning},
  author = {Santosh Shinde and P.R. Rajeswari},
  date = {2018-06-23},
  journaltitle = {International Journal of Engineering and Technology(UAE)},
  shortjournal = {International Journal of Engineering and Technology(UAE)},
  volume = {7},
  pages = {1019--1023},
  doi = {10.14419/ijet.v7i3.12654},
  file = {C\:\\Users\\lyu6\\Zotero\\storage\\9XIG3P93\\Shinde and Rajeswari - 2018 - Intelligent health risk prediction systems using m.pdf},
}
@Article{lund2011,
  title = {A Systematic Review of Studies on Psychosocial Late Effects of Childhood Cancer: Structures of Society and Methodological Pitfalls May Challenge the Conclusions},
  shorttitle = {A Systematic Review of Studies on Psychosocial Late Effects of Childhood Cancer},
  author = {Lasse Wegener Lund and Kjeld Schmiegelow and Catherine Rechnitzer and Christoffer Johansen},
  date = {2011-04},
  journaltitle = {Pediatric Blood \& Cancer},
  shortjournal = {Pediatr Blood Cancer},
  volume = {56},
  number = {4},
  eprint = {21298737},
  eprinttype = {pmid},
  pages = {532--543},
  issn = {1545-5017},
  doi = {10.1002/pbc.22883},
  langid = {english},
  keywords = {Adult,Central Nervous System Neoplasms,Child,Educational Status,Employment,Health Status,Humans,Life Style,Marriage,Mental Disorders,Neoplasms,Quality of Life,Socioeconomic Factors,Survivors},
}
