
@article{ShindeRajeswari2018,
  title = {Intelligent Health Risk Prediction Systems Using Machine Learning: {{A}} Review},
  shorttitle = {Intelligent Health Risk Prediction Systems Using Machine Learning},
  author = {Shinde, Santosh and Rajeswari, P.R.},
  year = {2018},
  month = jun,
  journal = {International Journal of Engineering and Technology(UAE)},
  volume = {7},
  pages = {1019--1023},
  doi = {10.14419/ijet.v7i3.12654},
  file = {C\:\\Users\\lyu6\\Zotero\\storage\\9XIG3P93\\Shinde and Rajeswari - 2018 - Intelligent health risk prediction systems using m.pdf}
}


